
% Handbook of applied cryptography
@book{Menezes:1996:HAC:548089,
 author = {Menezes, Alfred J. and Vanstone, Scott A. and Oorschot, Paul C. Van},
 title = {Handbook of Applied Cryptography},
 year = {1996},
 isbn = {0-8493-8523-7},
 edition = {1st},
 publisher = {CRC Press, Inc.},
 address = {Boca Raton, FL, USA},
} 

% mobile cryptography
@inproceedings{mobile_cryptography,
  title = {Towards Mobile Cryptography},
  author = {Tomas Sander and Christian F. Tschudin},
  year = {1998},
  doi = {http://dx.doi.org/10.1109/SECPRI.1998.674837},
  tags = {mobile},
  researchr = {http://researchr.org/publication/SanderT98},
  cites = {0},
  citedby = {0},
  pages = {215-224},
  booktitle = {Security and Privacy - 1998 IEEE Symposium on Security and Privacy, Oakland, CA, USA, May 3-6, 1998, Proceedings},
  publisher = {IEEE Computer Society},
  isbn = {0-8186-8386-4},
}

% obfuscators
% http://www.wisdom.weizmann.ac.il/~oded/PS/obf4.pdf
% url = {http://dl.acm.org/citation.cfm?id=646766.704152},
@inproceedings{Barak:2012:POP:2160158.2160159,
 author = {Barak, Boaz and Goldreich, Oded and Impagliazzo, Russell and Rudich, Steven and Sahai, Amit and Vadhan, Salil P. and Yang, Ke},
 title = {On the (Im)possibility of Obfuscating Programs},
 booktitle = {Proceedings of the 21st Annual International Cryptology Conference on Advances in Cryptology},
 series = {CRYPTO '01},
 year = {2001},
 isbn = {3-540-42456-3},
 pages = {1--18},
 numpages = {18},
 acmid = {704152},
 publisher = {Springer-Verlag},
 address = {London, UK, UK},
} 

% obfuscation - positive result
@INPROCEEDINGS{Lynn04positiveresults,
    author = {Benjamin Lynn and Manoj Prabhakaran and Amit Sahai},
    title = {Positive Results and Techniques for Obfuscation},
    booktitle = {In EUROCRYPT ’04},
    year = {2004}
}

% obfuscating re-encryption algorithms
% url = {http://dl.acm.org/citation.cfm?id=1760749.1760767},
@inproceedings{Hohenberger:2007:SOR:1760749.1760767,
 author = {Hohenberger, Susan and Rothblum, Guy N. and Shelat, Abhi and Vaikuntanathan, Vinod},
 title = {Securely obfuscating re-encryption},
 booktitle = {Proceedings of the 4th conference on Theory of cryptography},
 series = {TCC'07},
 year = {2007},
 isbn = {978-3-540-70935-0},
 location = {Amsterdam, The Netherlands},
 pages = {233--252},
 numpages = {20},
 acmid = {1760767},
 publisher = {Springer-Verlag},
 address = {Berlin, Heidelberg},
} 

% obfuscation, auxiliary input
@inproceedings{Goldwasser:2005:IOA:1097112.1097490,
 author = {Goldwasser, Shafi and Kalai, Yael Tauman},
 title = {On the Impossibility of Obfuscation with Auxiliary Input},
 booktitle = {Proceedings of the 46th Annual IEEE Symposium on Foundations of Computer Science},
 series = {FOCS '05},
 year = {2005},
 isbn = {0-7695-2468-0},
 pages = {553--562},
 numpages = {10},
 url = {http://dx.doi.org/10.1109/SFCS.2005.60},
 doi = {10.1109/SFCS.2005.60},
 acmid = {1097490},
 publisher = {IEEE Computer Society},
 address = {Washington, DC, USA},
} 

% approximate obfuscation negative result
% https://eprint.iacr.org/2012/729.pdf
@article{journals/iacr/BitanskyP12,
  added-at = {2013-01-29T00:00:00.000+0100},
  author = {Bitansky, Nir and Paneth, Omer},
  biburl = {http://www.bibsonomy.org/bibtex/2eaaa29e28a3f111b4d7ef579c87b5eac/dblp},
  ee = {http://eprint.iacr.org/2012/729},
  interhash = {9d933a037316f1b49d634cc7a5efe1cf},
  intrahash = {eaaa29e28a3f111b4d7ef579c87b5eac},
  journal = {IACR Cryptology ePrint Archive},
  keywords = {dblp},
  pages = 729,
  timestamp = {2013-01-29T00:00:00.000+0100},
  title = {On the Impossibility of Approximate Obfuscation and Applications to Resettable Cryptography.},
  url = {http://dblp.uni-trier.de/db/journals/iacr/iacr2012.html#BitanskyP12},
  volume = 2012,
  year = 2012
}

% introduced secure multiparty communication
@inproceedings{Yao:1982:PSC:1398511.1382751,
 author = {Yao, Andrew C.},
 title = {Protocols for secure computations},
 booktitle = {Proceedings of the 23rd Annual Symposium on Foundations of Computer Science},
 series = {SFCS '82},
 year = {1982},
 pages = {160--164},
 numpages = {5},
 url = {http://dx.doi.org/10.1109/SFCS.1982.88},
 doi = {10.1109/SFCS.1982.88},
 acmid = {1382751},
 publisher = {IEEE Computer Society},
 address = {Washington, DC, USA},
} 


% confusion/diffusion
% http://netlab.cs.ucla.edu/wiki/files/shannon1949.pdf
@article{shannon-otp,
  added-at = {2010-01-26T20:03:21.000+0100},
  author = {Shannon, Claude},
  biburl = {http://www.bibsonomy.org/bibtex/2b07c0c91f6c750562d884d919065a6e8/nmenke},
  interhash = {0c15e2ae21f0ff1fbcdfc222fc4ee00a},
  intrahash = {b07c0c91f6c750562d884d919065a6e8},
  journal = {Bell System Technical Journal, Vol 28, pp. 656–715},
  keywords = {imported},
  timestamp = {2010-01-26T20:03:21.000+0100},
  title = {Communication Theory of Secrecy Systems},
  year = 1949
}

% AES
@book{2002-daemen,
    title={{The design of {Rijndael}: {AES}---the advanced encryption standard}},
    booktitle={{The design of {Rijndael}: {AES}---the advanced encryption standard}},
    author={Joan Daemen and Vincent Rijmen},
    ISBN={3--540--42580--2},
    MR={1986943},
    publisher={Springer-Verlag},
    year={2002}
}

% AES - NIST
@misc{AES-FIPS,
   title = "Specification for the {Advanced Encryption Standard} ({AES})",
   howpublished = "Federal Information Processing Standards Publication 197",
   year = "2001",
   url = "http://csrc.nist.gov/publications/fips/fips197/fips-197.pdf"
} 

% secure multiparty schemes - book, good one
@misc{smcBook,
    title={Secure Multiparty Computation and Secret Sharing - An Information Theoretic Appoach},
    booktitle={Secure Multiparty Computation and Secret Sharing - An Information Theoretic Appoach},
    author={Ronald Cramer and Ivan Damgard and Jesper Buus Nielsen},
    year={2012},
    url = {http://www.daimi.au.dk/~ivan/MPCbook.pdf},
    howpublished={[online], accessed 26.5.2013 }
}

% secure multiparty schemes - computational bound
@inproceedings{Ishai:2008:FCO:1429103.1429148,
 author = {Ishai, Yuval and Prabhakaran, Manoj and Sahai, Amit},
 title = {Founding Cryptography on Oblivious Transfer --- Efficiently},
 booktitle = {Proceedings of the 28th Annual conference on Cryptology: Advances in Cryptology},
 series = {CRYPTO 2008},
 year = {2008},
 isbn = {978-3-540-85173-8},
 location = {Santa Barbara, CA, USA},
 pages = {572--591},
 numpages = {20},
 url = {http://dx.doi.org/10.1007/978-3-540-85174-5_32},
 doi = {10.1007/978-3-540-85174-5_32},
 acmid = {1429148},
 publisher = {Springer-Verlag},
 address = {Berlin, Heidelberg},
} 

% Rivest - first homomorphic idea
@article{Rivest1978,
  added-at = {2011-02-14T16:52:54.000+0100},
  author = {Rivest, Ronald L. and Adleman, Len and Dertouzos, Michael L.},
  biburl = {http://www.bibsonomy.org/bibtex/2df214f59ac3cc15fbfaf6d0606eb340c/fohv},
  date-modified = {2006-08-22 11:34:23 +0200},
  interhash = {c880dde05ce4210752a154a7c0b6fd31},
  intrahash = {df214f59ac3cc15fbfaf6d0606eb340c},
  journal = {Foundations of Secure Computation, Academia Press},
  keywords = {imported},
  pages = {169-179},
  timestamp = {2011-02-14T16:52:54.000+0100},
  title = {On Data Banks and Privacy Homomorphisms},
  year = 1978
}

% homomorhpic encryption. unlimited additions, 1 multiplications
@inproceedings{Boneh:2005:EFC:2140004.2140029,
 author = {Boneh, Dan and Goh, Eu-Jin and Nissim, Kobbi},
 title = {Evaluating 2-DNF formulas on ciphertexts},
 booktitle = {Proceedings of the Second international conference on Theory of Cryptography},
 series = {TCC'05},
 year = {2005},
 isbn = {3-540-24573-1, 978-3-540-24573-5},
 location = {Cambridge, MA},
 pages = {325--341},
 numpages = {17},
 url = {http://dx.doi.org/10.1007/978-3-540-30576-7_18},
 doi = {10.1007/978-3-540-30576-7_18},
 acmid = {2140029},
 publisher = {Springer-Verlag},
 address = {Berlin, Heidelberg},
} 

% Gentry FHE 2009
@inproceedings{Gentry:2009:FHE:1536414.1536440,
 author = {Gentry, Craig},
 title = {Fully homomorphic encryption using ideal lattices},
 booktitle = {Proceedings of the 41st annual ACM symposium on Theory of computing},
 series = {STOC '09},
 year = {2009},
 isbn = {978-1-60558-506-2},
 location = {Bethesda, MD, USA},
 pages = {169--178},
 numpages = {10},
 url = {http://doi.acm.org/10.1145/1536414.1536440},
 doi = {10.1145/1536414.1536440},
 acmid = {1536440},
 publisher = {ACM},
 address = {New York, NY, USA},
 keywords = {fully homomorphic encryption},
} 

% Implementing gentry
% url = {http://dl.acm.org/citation.cfm?id=2008684.2008697},
@inproceedings{Gentry:2011:IGF:2008684.2008697,
 author = {Gentry, Craig and Halevi, Shai},
 title = {Implementing Gentry's fully-homomorphic encryption scheme},
 booktitle = {Proceedings of the 30th Annual international conference on Theory and applications of cryptographic techniques: advances in cryptology},
 series = {EUROCRYPT'11},
 year = {2011},
 isbn = {978-3-642-20464-7},
 location = {Tallinn, Estonia},
 pages = {129--148},
 numpages = {20},
 acmid = {2008697},
 publisher = {Springer-Verlag},
 address = {Berlin, Heidelberg},
} 

% FHE over integers
@inproceedings{vanDijk:2010:FHE:2163822.2163825,
 author = {van Dijk, Marten and Gentry, Craig and Halevi, Shai and Vaikuntanathan, Vinod},
 title = {Fully homomorphic encryption over the integers},
 booktitle = {Proceedings of the 29th Annual international conference on Theory and Applications of Cryptographic Techniques},
 series = {EUROCRYPT'10},
 year = {2010},
 isbn = {3-642-13189-1, 978-3-642-13189-9},
 location = {French Riviera, France},
 pages = {24--43},
 numpages = {20},
 url = {http://dx.doi.org/10.1007/978-3-642-13190-5_2},
 doi = {10.1007/978-3-642-13190-5_2},
 acmid = {2163825},
 publisher = {Springer-Verlag},
 address = {Berlin, Heidelberg},
} 

% FHE over integers optimized
@inproceedings{Coron:2012:PKC:2260849.2260886,
 author = {Coron, Jean-S{\'e}bastien and Naccache, David and Tibouchi, Mehdi},
 title = {Public key compression and modulus switching for fully homomorphic encryption over the integers},
 booktitle = {Proceedings of the 31st Annual international conference on Theory and Applications of Cryptographic Techniques},
 series = {EUROCRYPT'12},
 year = {2012},
 isbn = {978-3-642-29010-7},
 location = {Cambridge, UK},
 pages = {446--464},
 numpages = {19},
 url = {http://dx.doi.org/10.1007/978-3-642-29011-4_27},
 doi = {10.1007/978-3-642-29011-4_27},
 acmid = {2260886},
 publisher = {Springer-Verlag},
 address = {Berlin, Heidelberg},
} 

% FHE over integers, batch
@article{DBLP:journals/iacr/CoronLT13,
  author    = {Jean-S{\'e}bastien Coron and
               Tancr{\`e}de Lepoint and
               Mehdi Tibouchi},
  title     = {Batch Fully Homomorphic Encryption over the Integers},
  journal   = {IACR Cryptology ePrint Archive},
  volume    = {2013},
  year      = {2013},
  pages     = {36},
  ee        = {http://eprint.iacr.org/2013/036},
  bibsource = {DBLP, http://dblp.uni-trier.de}
}

% FHE ring learning wit errors
% url = {http://dl.acm.org/citation.cfm?id=2033036.2033075},
@inproceedings{Brakerski:2011:FHE:2033036.2033075,
 author = {Brakerski, Zvika and Vaikuntanathan, Vinod},
 title = {Fully homomorphic encryption from ring-LWE and security for key dependent messages},
 booktitle = {Proceedings of the 31st annual conference on Advances in cryptology},
 series = {CRYPTO'11},
 year = {2011},
 isbn = {978-3-642-22791-2},
 location = {Santa Barbara, CA},
 pages = {505--524},
 numpages = {20},
 acmid = {2033075},
 publisher = {Springer-Verlag},
 address = {Berlin, Heidelberg},
} 

% FHE, batch
@inproceedings{Gentry:2012:RSB:2414993.2414996,
 author = {Gentry, Craig and Halevi, Shai and Peikert, Chris and Smart, Nigel P.},
 title = {Ring switching in BGV-Style homomorphic encryption},
 booktitle = {Proceedings of the 8th international conference on Security and Cryptography for Networks},
 series = {SCN'12},
 year = {2012},
 isbn = {978-3-642-32927-2},
 location = {Amalfi, Italy},
 pages = {19--37},
 numpages = {19},
 url = {http://dx.doi.org/10.1007/978-3-642-32928-9_2},
 doi = {10.1007/978-3-642-32928-9_2},
 acmid = {2414996},
 publisher = {Springer-Verlag},
 address = {Berlin, Heidelberg},
} 

% FHE, homomorphic AES with RLWE
@article{journals/iacr/GentryHS12,
  added-at = {2013-01-08T00:00:00.000+0100},
  author = {Gentry, Craig and Halevi, Shai and Smart, Nigel P.},
  biburl = {http://www.bibsonomy.org/bibtex/2fa5b8b862a0e41b98fd92c82ff0e5644/dblp},
  ee = {http://eprint.iacr.org/2012/099},
  interhash = {ad7d23914eecb76f54518bc6b34787d2},
  intrahash = {fa5b8b862a0e41b98fd92c82ff0e5644},
  journal = {IACR Cryptology ePrint Archive},
  keywords = {dblp},
  note = {informal publication},
  pages = 99,
  timestamp = {2013-01-08T00:00:00.000+0100},
  title = {Homomorphic Evaluation of the AES Circuit.},
  url = {http://dblp.uni-trier.de/db/journals/iacr/iacr2012.html#GentryHS12},
  volume = 2012,
  year = 2012
}

% FHE, without bootstraping
@inproceedings{Brakerski:2012:FHE:2090236.2090262,
 author = {Brakerski, Zvika and Gentry, Craig and Vaikuntanathan, Vinod},
 title = {(Leveled) fully homomorphic encryption without bootstrapping},
 booktitle = {Proceedings of the 3rd Innovations in Theoretical Computer Science Conference},
 series = {ITCS '12},
 year = {2012},
 isbn = {978-1-4503-1115-1},
 location = {Cambridge, Massachusetts},
 pages = {309--325},
 numpages = {17},
 url = {http://doi.acm.org/10.1145/2090236.2090262},
 doi = {10.1145/2090236.2090262},
 acmid = {2090262},
 publisher = {ACM},
 address = {New York, NY, USA},
 keywords = {bootstrapping, fully homomorphic encryption, learning with errors, modulus reduction},
} 

% Gentry Africacrypt
@MISC{gentryAfrica,
    author       = {Craig Gentry}, 
    title        = {{Fully Homomorphic Encryption}: current state of the art},
    year         = {2012},
    howpublished = {Africacrypt 2012, [online], accessed 26.5.2013},
    url          = {http://www.aui.ma/africacrypt2012/images/africacrypt2012/fully%20homomorphic%20encryption.pdf}
}

% Practical FHE
@inproceedings{Naehrig:2011:HEP:2046660.2046682,
 author = {Naehrig, Michael and Lauter, Kristin and Vaikuntanathan, Vinod},
 title = {Can homomorphic encryption be practical?},
 booktitle = {Proceedings of the 3rd ACM workshop on Cloud computing security workshop},
 series = {CCSW '11},
 year = {2011},
 isbn = {978-1-4503-1004-8},
 location = {Chicago, Illinois, USA},
 pages = {113--124},
 numpages = {12},
 url = {http://doi.acm.org/10.1145/2046660.2046682},
 doi = {10.1145/2046660.2046682},
 acmid = {2046682},
 publisher = {ACM},
 address = {New York, NY, USA},
 keywords = {fully homomorphic encryption, lattices, magma, ring learning with errors},
} 

% SWHE - DB queries system
@misc{swhm-db01,
    author = {Dan Boneh and Craig Gentry and Shai Halevi and Frang Wang},
    title = {Private Database Queries Using Somewhat Homomorphic Encryption},
    howpublished = {Cryptology ePrint Archive, Report 2011/449},
    year = {2012},
    url = {http://researcher.ibm.com/researcher/files/us-shaih/privateQueries.pdf},
    howpublished={[online], accessed 26.5.2013}
}

% AES
@book{opac-b1098430,
   title = "The design of {Rijndael} : {AES}, the Advanced Encryption Standard",
   author = "Daemen, Joan and Rijmen, Vincent",
   series = "Information security and cryptography : texts and monographs",
   publisher = "Springer",
   address = "Berlin",
   url = "http://opac.inria.fr/record=b1098430",
   isbn = "3-540-42580-2",
   year = 2002
}

% Xiao-Lai WB AES
% url={http://ieeexplore.ieee.org/stamp/stamp.jsp?arnumber=05404239}
@INPROCEEDINGS{XiaoLai, 
    author={Xiao, Yaying and Xuejia Lai}, 
    booktitle={Computer Science and its Applications, 2009. CSA '09. 2nd International Conference on}, 
    title={A Secure Implementation of White-Box {AES}}, 
    year={2009}, 
    pages={1-6}, 
    keywords={Billets;Cryptography;Encoding;Information analysis;Manipulator dynamics;Protection;Resists;Security;Software algorithms;Table lookup}, 
    doi={10.1109/CSA.2009.5404239},
}

% AES attack, AES-128 with 2126.1 work
@inproceedings{cryptoeprint:2011:449,
 author = {Bogdanov, Andrey and Khovratovich, Dmitry and Rechberger, Christian},
 title = {Biclique cryptanalysis of the full AES},
 booktitle = {Proceedings of the 17th international conference on The Theory and Application of Cryptology and Information Security},
 series = {ASIACRYPT'11},
 year = {2011},
 isbn = {978-3-642-25384-3},
 location = {Seoul, South Korea},
 pages = {344--371},
 numpages = {28},
 url = {http://dx.doi.org/10.1007/978-3-642-25385-0_19},
 doi = {10.1007/978-3-642-25385-0_19},
 acmid = {2184047},
 publisher = {Springer-Verlag},
 address = {Berlin, Heidelberg},
 keywords = {AES, bicliques, block ciphers, key recovery, preimage},
} 

% Key whitening attack
@INPROCEEDINGS{Kerins06acautionary,
    author = {Tim Kerins and Klaus Kursawe},
    title = {A cautionary note on weak implementations of block ciphers},
    booktitle = {In 1st Benelux Workshop on Information and System Security (WISSec 2006},
    year = {2006},
    pages = {12}
}

% whitebox intro & definitions
@misc{hiding_keys,
   title = {WHITE-BOX CRYPTOGRAPHY: HIDING KEYS IN SOFTWARE},
   author = {Brecht Wyseur},
   howpublished = {[online], accessed 26.5.2013},
   year = {2012},
   url = {http://whiteboxcrypto.com/files/2012_misc.pdf}
}

% WB AES
@INPROCEEDINGS{Chow02white-boxcryptography,
    author = {Chow, Stanley and Eisen, Phil and Johnson, Harold and Van Oorschot, Paul C.},
    title = {White-Box Cryptography and an {AES} Implementation},
    booktitle = {Proceedings of the Ninth Workshop on Selected Areas in Cryptography (SAC 2002},
    year = {2002},
    pages = {250--270},
    publisher = {Springer-Verlag}
}

% WB DES
@INPROCEEDINGS{Chow02awhite-box,
    author = {Chow, Stanley and Eisen, Phil and Johnson, Harold and Van Oorschot, Paul C.},
    title = {A White-Box {DES} Implementation for {DRM} Applications},
    booktitle = {In Proceedings of ACM CCS-9 Workshop DRM},
    year = {2002},
    pages = {1--15},
    publisher = {Springer}
}

% Mixing bijection matrices
@article{journals/iacr/XiaoZ02,
  added-at = {2012-01-23T00:00:00.000+0100},
  author = {Xiao, James and Zhou, Yongxin},
  biburl = {http://www.bibsonomy.org/bibtex/2e4e4a7bda5849a60f56c3828402e343f/dblp},
  ee = {http://eprint.iacr.org/2002/096},
  interhash = {713552c49a1e433e69cc053e3fb84845},
  intrahash = {e4e4a7bda5849a60f56c3828402e343f},
  journal = {IACR Cryptology ePrint Archive},
  keywords = {dblp},
  pages = 96,
  timestamp = {2012-01-23T00:00:00.000+0100},
  title = {Generating Large Non-Singular Matrices over an Arbitrary Field with Blocks of Full Rank.},
  url = {http://dblp.uni-trier.de/db/journals/iacr/iacr2002.html#XiaoZ02},
  volume = 2002,
  year = 2002
}

% Billet
% url = {http://dx.doi.org/10.1007/978-3-540-30564-4_16},
@inproceedings{Billet:2004:CWB:2080787.2080809,
 author = {Billet, Olivier and Gilbert, Henri and Ech-Chatbi, Charaf},
 title = {Cryptanalysis of a white box {AES} implementation},
 booktitle = {Proceedings of the 11th international conference on Selected Areas in Cryptography},
 series = {SAC'04},
 year = {2005},
 isbn = {3-540-24327-5, 978-3-540-24327-4},
 location = {Waterloo, Canada},
 pages = {227--240},
 numpages = {14},
 doi = {10.1007/978-3-540-30564-4_16},
 acmid = {2080809},
 publisher = {Springer-Verlag},
 address = {Berlin, Heidelberg},
 keywords = {AES, block ciphers, implementation, software piracy, tamper resistance, white box},
} 

% Michiels generic attack
% http://profs.sci.univr.it/~giaco/download/Watermarking-Obfuscation/p82-michiels.pdf
@inproceedings{Michiels:2007:MST:1314276.1314291,
 author = {Michiels, Wil and Gorissen, Paul},
 title = {Mechanism for software tamper resistance: an application of white-box cryptography},
 booktitle = {Proceedings of the 2007 ACM workshop on Digital Rights Management},
 series = {DRM '07},
 year = {2007},
 isbn = {978-1-59593-884-8},
 location = {Alexandria, Virginia, USA},
 pages = {82--89},
 numpages = {8},
 url = {http://doi.acm.org/10.1145/1314276.1314291},
 doi = {10.1145/1314276.1314291},
 acmid = {1314291},
 publisher = {ACM},
 address = {New York, NY, USA},
 keywords = {software protection, software tamper resistance, white-box cryptography},
} 

% Perturbated White-Box AES Implementation.
% available at: http://eprint.iacr.org/2006/468.pdf
@article{journals/iacr/BringerCD06a,
  added-at = {2011-12-05T00:00:00.000+0100},
  author = {Bringer, Julien and Chabanne, Hervé and Dottax, Emmanuelle},
  biburl = {http://www.bibsonomy.org/bibtex/2442ea35e6e38f1ab88072b203dc56ff6/dblp},
  ee = {http://eprint.iacr.org/2006/468},
  interhash = {35570b651caec1c9a54966d337772293},
  intrahash = {442ea35e6e38f1ab88072b203dc56ff6},
  journal = {IACR Cryptology ePrint Archive},
  keywords = {dblp},
  pages = 468,
  timestamp = {2011-12-05T00:00:00.000+0100},
  title = {White Box Cryptography: Another Attempt.},
  url = {http://dblp.uni-trier.de/db/journals/iacr/iacr2006.html#BringerCD06a},
  volume = 2006, 
  year = 2006
}

% Cryptanalysis of a Perturbated White-Box AES Implementation.
@inproceedings{conf/indocrypt/MulderWP10,
  added-at = {2010-12-08T00:00:00.000+0100},
  author = {Mulder, Yoni De and Wyseur, Brecht and Preneel, Bart},
  biburl = {http://www.bibsonomy.org/bibtex/2901a0486d7537d52702c938fb80ceede/dblp},
  booktitle = {INDOCRYPT},
  editor = {Gong, Guang and Gupta, Kishan Chand},
  ee = {http://dx.doi.org/10.1007/978-3-642-17401-8_21},
  interhash = {5547380f0eb67a1fb7f45aa2fc460a34},
  intrahash = {901a0486d7537d52702c938fb80ceede},
  isbn = {978-3-642-17400-1},
  keywords = {dblp},
  pages = {292-310},
  publisher = {Springer},
  series = {Lecture Notes in Computer Science},
  timestamp = {2010-12-08T00:00:00.000+0100},
  title = {Cryptanalysis of a Perturbated White-Box {AES} Implementation.},
  url = {http://dblp.uni-trier.de/db/conf/indocrypt/indocrypt2010.html#MulderWP10},
  volume = 6498,
  year = 2010
}

% Cryptanalysis of the Xiao - Lai White-Box AES Implementation.
@inproceedings{conf/sacrypt/MulderRP12,
  added-at = {2013-02-04T00:00:00.000+0100},
  author = {Mulder, Yoni De and Roelse, Peter and Preneel, Bart},
  biburl = {http://www.bibsonomy.org/bibtex/28758a077b3727100bf61dce97bfca43b/dblp},
  booktitle = {Selected Areas in Cryptography},
  editor = {Knudsen, Lars R. and Wu, Huapeng},
  ee = {http://dx.doi.org/10.1007/978-3-642-35999-6_3},
  interhash = {3b38fbb6f5496d32c6b62e2946257f63},
  intrahash = {8758a077b3727100bf61dce97bfca43b},
  isbn = {978-3-642-35999-6},
  keywords = {dblp},
  pages = {34-49},
  publisher = {Springer},
  series = {Lecture Notes in Computer Science},
  timestamp = {2013-02-04T00:00:00.000+0100},
  title = {Cryptanalysis of the {Xiao} - {Lai} White-Box {AES} Implementation.},
  url = {http://dblp.uni-trier.de/db/conf/sacrypt/sacrypt2012.html#MulderRP12},
  volume = 7707,
  year = 2012
}

% WB dual AES
@inproceedings{Karroumi:2010:PWA:2041036.2041060,
 author = {Karroumi, Mohamed},
 title = {Protecting white-box {AES} with dual ciphers},
 booktitle = {Proceedings of the 13th international conference on Information security and cryptology},
 series = {ICISC'10},
 year = {2011},
 isbn = {978-3-642-24208-3},
 location = {Seoul, Korea},
 pages = {278--291},
 numpages = {14},
 url = {http://link.springer.com/chapter/10.1007%2F978-3-642-24209-0_19},
 acmid = {2041060},
 publisher = {Springer-Verlag},
 address = {Berlin, Heidelberg},
 keywords = {AES, block ciphers, dual cipher, implementation, white-box cryptography},
}

% Linear and affine equivalence algorithms, AES-Sbox affine self-equivalences, 61200 AESes
% url = {http://dl.acm.org/citation.cfm?id=1766171.1766175},
@inproceedings{Biryukov:2003:TCL:1766171.1766175,
 author = {Biryukov, Alex and De Canni\`{e}ere, Christophe and Braeken, An and Preneel, Bart},
 title = {A toolbox for cryptanalysis: linear and affine equivalence algorithms},
 booktitle = {Proceedings of the 22nd international conference on Theory and applications of cryptographic techniques},
 series = {EUROCRYPT'03},
 year = {2003},
 isbn = {3-540-14039-5},
 location = {Warsaw, Poland},
 pages = {33--50},
 numpages = {18},
 acmid = {1766175},
 publisher = {Springer-Verlag},
 address = {Berlin, Heidelberg},
 keywords = {DES, Rijndael, S-box decomposition, S-boxes, affine equivalence algorithm, algebraic attacks, block-ciphers, cryptanalysis, linear, side-channel attacks},
} 

% Twofish
% available at http://www.schneier.com/paper-twofish-paper.pdf
@INPROCEEDINGS{Schneier98twofish:a,
    author = {Bruce Schneier and John Kelsey and Doug Whiting and David Wagner and Chris Hall and Niels Ferguson},
    title = {Twofish: A 128-Bit Block Cipher},
    booktitle = {in First Advanced Encryption Standard ({AES}) Conference},
    year = {1998}
}

% Bcrypt
% http://citeseerx.ist.psu.edu/viewdoc/summary?doi=10.1.1.35.6887
@INPROCEEDINGS{Provos99afuture-adaptable,
    author = {Niels Provos and David Mazieres},
    title = {A Future-Adaptable Password Scheme},
    booktitle = {In Proceedings of the 1999 USENIX, Freenix track (the on-line version)},
    year = {1999},
    pages = {99}
}

% Scrypt
% http://www.daemonology.net/papers/scrypt.pdf
@MISC{Percival_strongerkey,
    author = {Colin Percival},
    title = {STRONGER KEY DERIVATION VIA SEQUENTIAL MEMORY-HARD FUNCTIONS},
    url = {http://www.daemonology.net/papers/scrypt.pdf},
    year = {2009},
    note={[online], accessed 26.5.2013 }
}

% Tutorial on WBAES
@MISC{Muir_atutorial,
    author = {James A. Muir},
    title = {A Tutorial on White-box {AES}},
    url = {http://eprint.iacr.org/2013/104.pdf},
    howpublished={[online], accessed 26.5.2013 },
    year = {2011}
}

% hash cracking, gosney
% \uppercase{Gosney, J. M.} Password Cracking HPC , Passwords\^12 Security Conference, 2012. Available at \textless\url{http://passwords12.at.ifi.uio.no/Jeremi_Gosney_Password_Cracking_HPC_Passwords12.pdf}
@MISC{bcrypthash,
    author       = {Jeremi M.	 Gosney}, 
    title        = {Password Cracking HPC},
    month        = {December},
    year         = {2012},
    howpublished = {Passwords \textasciicircum 12 Security Conference},
    note         = {[online], accessed 26.5.2013 },
    url          = {http://passwords12.at.ifi.uio.no/Jeremi_Gosney_Password_Cracking_HPC_Passwords12.pdf}
}

% http://link.springer.com/chapter/10.1007%2F978-3-540-30564-4_16
@incollection{cryptanalysis_xiao,
    year={2013},
    isbn={978-3-642-35998-9},
    booktitle={Selected Areas in Cryptography},
    volume={7707},
    series={Lecture Notes in Computer Science},
    editor={Knudsen, LarsR. and Wu, Huapeng},
    doi={10.1007/978-3-642-35999-6_3},
    title={Cryptanalysis of the Xiao – Lai White-Box {AES} Implementation},
    url={http://dx.doi.org/10.1007/978-3-642-35999-6_3},
    publisher={Springer Berlin Heidelberg},
    keywords={white-box cryptography; AES; cryptanalysis; linear equivalence algorithm},
    author={Mulder, Yoni and Roelse, Peter and Preneel, Bart},
    pages={34-49}
}


@misc{shamining_web,
  author = {Butterfly labs},
  title = {{1,500 GH/s Bitcoin Miner}},
  url = {https://products.butterflylabs.com/homepage/1500gh-bitcoin-miner.html},
  year = {2013}, 
  note = "[online], accessed 15.03.2013"
}

% On generator matrices of MDS codes
% - how to systematically generate generator matrix of MDS code (using Cauchy matrix)
%   available at: http://ieeexplore.ieee.org/stamp/stamp.jsp?tp=&arnumber=1057113
@article{Roth:1985:GMM:7030.7044,
 author = {Roth, Ron M and Seroussi, Gadiel},
 title = {On generator matrices of {MDS} codes},
 journal = {IEEE Trans. Inf. Theor.},
 issue_date = {Nov. 1985},
 volume = {31},
 number = {6},
 month = {nov},
 year = {1985},
 issn = {0018-9448},
 pages = {826--830},
 numpages = {5},
 url = {http://dx.doi.org/10.1109/TIT.1985.1057113},
 doi = {10.1109/TIT.1985.1057113},
 acmid = {7044},
 publisher = {IEEE Press},
 address = {Piscataway, NJ, USA},
} 

% Dynamic MDS Matrices for Substantial Cryptographic Strength
% If A is MDS matrix, then also eA is MDS matrix (e \in GF(q))
% avaliable at http://eprint.iacr.org/2011/177.pdf
@article{journals/iacr/MalikN11,
  added-at = {2012-01-13T00:00:00.000+0100},
  author = {Malik, Muhammad Yasir and No, Jong-Seon},
  biburl = {http://www.bibsonomy.org/bibtex/246b38ca0206964fb051607299c96a4a5/dblp},
  ee = {http://eprint.iacr.org/2011/177},
  interhash = {211856294834849bfbfab35435a80bac},
  intrahash = {46b38ca0206964fb051607299c96a4a5},
  journal = {IACR Cryptology ePrint Archive},
  keywords = {dblp},
  pages = 177,
  timestamp = {2012-01-13T00:00:00.000+0100},
  title = {Dynamic {MDS} Matrices for Substantial Cryptographic Strength.},
  url = {http://dblp.uni-trier.de/db/journals/iacr/iacr2011.html#MalikN11},
  volume = 2011,
  year = 2011
}

% SHARK cipher 
% available at: http://www.cosic.esat.kuleuven.be/publications/article-55.pdf
%  - branch number of MDS, optimal invertible codes if generator matrix is [I|A] for code (2n,n,n+1), MDS
% original cite id: conf/fse/RijmenDPBW96,
@inproceedings{shark96, 
  added-at = {2008-01-01T00:00:00.000+0100},
  author = {Rijmen, Vincent and Daemen, Joan and Preneel, Bart and Bosselaers, Antoon and Win, Erik De},
  biburl = {http://www.bibsonomy.org/bibtex/268104934306a7cfb3ceed67537180bcd/dblp},
  booktitle = {FSE},
  date = {2008-01-01},
  description = {dblp},
  editor = {Gollmann, Dieter},
  interhash = {694c94d040b71044d7e392ffcad34337},
  intrahash = {68104934306a7cfb3ceed67537180bcd},
  isbn = {3-540-60865-6},
  keywords = {dblp},
  pages = {99-111},
  publisher = {Springer},
  series = {Lecture Notes in Computer Science},
  timestamp = {2008-01-01T00:00:00.000+0100},
  title = {The Cipher SHARK.},
  url = {http://dblp.uni-trier.de/db/conf/fse/fse96.html#RijmenDPBW96},
  volume = 1039,
  year = 1996
}

% Branch number definition
@phdthesis{daemenBranch,
   type = {PhD. thesis},
    title = {Cipher and hash function design. Strategies based on linear and differential cryptanalysis},
    author = {Joan Daemen},
    school = {Katholieke Universiteit Leuven},
    url = {http://docserver.bis.uni-oldenburg.de/publikationen/dissertation/2001/aneacr01/aneacr01.html},
    year = {1995}
}


% Obfuscation software protection
@phdthesis{codeObfuscation,
   type = {PhD. thesis},
    title = {Code Obfuscation Techniques for Software Protection},
    author = {Jan Cappaert},
    school = {Katholieke Universiteit Leuven},
    url = {http://www.cosic.esat.kuleuven.be/publications/thesis-199.pdf},
    howpublished = {[online], accessed 26.5.2013},
    year = {2012}
}

@phdthesis{wyseurPhd,
   type = {PhD. thesis},
   title = {White-Box Cryptography},
   author = {Brecht Wyseur},
   school = {Katholieke Universiteit Leuven},
   url = {http://docserver.bis.uni-oldenburg.de/publikationen/dissertation/2001/aneacr01/aneacr01.html},
   year = {2009},
   pages = {169+32},
   url = {http://www.cosic.esat.kuleuven.be/publications/thesis-152.pdf‎},
   howpublished = {[online], accessed 26.5.2013}
}

% 16x16 AES MDS
% A New Involutory MDS Matrix for the AES
% available at: http://mshwang.ccs.asia.edu.tw/ijns/contents/ijns-v9-n2/ijns-2009-v9-n2-p109-116.pdf
@article{mds_aes,
  added-at = {2009-11-25T00:00:00.000+0100},
  author = {Jr., Jorge Nakahara and Abrahao, Elcio},
  biburl = {http://www.bibsonomy.org/bibtex/2de4326106472fd319b812ed40d3edb6c/dblp},
  date = {2009-11-25},
  description = {dblp},
  ee = {http://ijns.femto.com.tw/contents/ijns-v9-n2/ijns-2009-v9-n2-p109-116.pdf},
  interhash = {25f4f2be455830e11c03227b129855c9},
  intrahash = {de4326106472fd319b812ed40d3edb6c},
  journal = {I. J. Network Security},
  keywords = {dblp},
  number = 2,
  pages = {109-116},
  timestamp = {2009-11-25T00:00:00.000+0100},
  title = {A New Involutory {MDS} Matrix for the {AES}.},
  url = {http://dblp.uni-trier.de/db/journals/ijnsec/ijnsec9.html#JrA09},
  volume = 9,
  year = 2009
}

% WB DES cryptanalysis - naked variant, injecting faults
@inproceedings{conf/ccs/JacobBF02,
  added-at = {2011-07-05T00:00:00.000+0200},
  author = {Jacob, Matthias and Boneh, Dan and Felten, Edward W.},
  biburl = {http://www.bibsonomy.org/bibtex/2a37083956b1255ede19ef9ba68db8e80/dblp},
  booktitle = {Digital Rights Management Workshop},
  editor = {Feigenbaum, Joan},
  ee = {http://dx.doi.org/10.1007/978-3-540-44993-5_2},
  interhash = {1a8155e6c9376addcaffc8671656fb85},
  intrahash = {a37083956b1255ede19ef9ba68db8e80},
  isbn = {3-540-40410-4},
  keywords = {dblp},
  pages = {16-31},
  publisher = {Springer},
  series = {Lecture Notes in Computer Science},
  timestamp = {2011-07-05T00:00:00.000+0200},
  title = {Attacking an Obfuscated Cipher by Injecting Faults.},
  url = {http://dblp.uni-trier.de/db/conf/ccs/ccsdrm2002.html#JacobBF02},
  volume = 2696,
  year = 2002
}

% WB DES cryptanalysis - naked variant, statistical analysis
@inproceedings{Link:2005:COI:1058430.1059147,
 author = {Link, Hamilton E. and Neumann, William D.},
 title = {Clarifying Obfuscation: Improving the Security of White-Box DES},
 booktitle = {Proceedings of the International Conference on Information Technology: Coding and Computing (ITCC'05) - Volume I - Volume 01},
 series = {ITCC '05},
 year = {2005},
 isbn = {0-7695-2315-3},
 pages = {679--684},
 numpages = {6},
 url = {http://dx.doi.org/10.1109/ITCC.2005.100},
 doi = {10.1109/ITCC.2005.100},
 acmid = {1059147},
 publisher = {IEEE Computer Society},
 address = {Washington, DC, USA},
} 

% WB DES - Wyseur cryptanalysis
@inproceedings{Wyseur:2007:CWD:1784881.1784898,
 author = {Wyseur, Brecht and Michiels, Wil and Gorissen, Paul and Preneel, Bart},
 title = {Cryptanalysis of white-box DES implementations with arbitrary external encodings},
 booktitle = {Proceedings of the 14th international conference on Selected areas in cryptography},
 series = {SAC'07},
 year = {2007},
 isbn = {3-540-77359-2, 978-3-540-77359-7},
 location = {Ottawa, Canada},
 pages = {264--277},
 numpages = {14},
 url = {http://eprint.iacr.org/2007/104.pdf‎},
 acmid = {1784898},
 publisher = {Springer-Verlag},
 address = {Berlin, Heidelberg},
 keywords = {DES, cryptanalysis, data encryption standard, obfuscation, white-box cryptography},
} 

% Blowfish
% url = {http://dl.acm.org/citation.cfm?id=647930.740558},
@inproceedings{Schneier:1993:DNV:647930.740558,
 author = {Schneier, Bruce},
 title = {Description of a New Variable-Length Key, 64-bit Block Cipher (Blowfish)},
 booktitle = {Fast Software Encryption, Cambridge Security Workshop},
 year = {1994},
 isbn = {3-540-58108-1},
 pages = {191--204},
 numpages = {14},
 acmid = {740558},
 publisher = {Springer-Verlag},
 address = {London, UK, UK},
} 

% IDEA
% url = {http://dl.acm.org/citation.cfm?id=112331.112375},
@inproceedings{Lai:1991:PNB:112331.112375,
 author = {Lai, Xuejia and Massey, James L.},
 title = {A proposal for a new block encryption standard},
 booktitle = {Proceedings of the workshop on the theory and application of cryptographic techniques on Advances in cryptology},
 series = {EUROCRYPT '90},
 year = {1991},
 isbn = {0-387-53587-X},
 location = {Aarhus, Denmark},
 pages = {389--404},
 numpages = {16},
 acmid = {112375},
 publisher = {Springer-Verlag New York, Inc.},
 address = {New York, NY, USA},
} 

